%1 
@ARTICLE{Dickson1976, 
author={Dickson, J.F.}, 
journal={Solid-State Circuits, IEEE Journal of}, 
title={On-chip high-voltage generation in MNOS integrated circuits using an improved voltage multiplier technique}, 
year={1976}, 
volume={11}, 
number={3}, 
pages={374-378}, 
keywords={Digital integrated circuits;Monolithic integrated circuits;Power supply circuits;Semiconductor storage devices;Voltage multipliers;digital integrated circuits;monolithic integrated circuits;power supply circuits;semiconductor storage devices;voltage multipliers;CMOS integrated circuits;Conferences;Frequency;Laboratories;Large scale integration;Logic arrays;Nonvolatile memory;Programmable logic arrays;Solid state circuits;Voltage}, 
doi={10.1109/JSSC.1976.1050739}, 
ISSN={0018-9200},}

%%Shotckyy Diode%%

%2
@INPROCEEDINGS{SchottkyFriedman1997, 
author={Friedman, D. and Heinrich, H. and Duan, D-W}, 
booktitle={Solid-State Circuits Conference, 1997. Digest of Technical Papers. 43rd ISSCC., 1997 IEEE International}, 
title={A low-power CMOS integrated circuit for field-powered radio frequency identification tags}, 
year={1997}, 
pages={294-295}, 
keywords={CMOS digital integrated circuits;CMOS integrated circuits;EPROM5602253;MOSFET;capacitance;identification;leakage currents;mixed analogue-digital integrated circuits;broadcast power;field-powered radio frequency identification tags;form factor;high-frequency RF carrier;interrogating RF field;low-power CMOS integrated circuit;passive tag;power delivery;Amplitude modulation;Base stations;CMOS integrated circuits;Costs;EPROM;RFID tags;Radio frequency;Radiofrequency identification;Schottky diodes;Technical Activities Guide -TAG}, 
doi={10.1109/ISSCC.1997.585390}, 
ISSN={0193-6530},}

%3
@ARTICLE{SchottkyKarthaus2003, 
author={Karthaus, U. and Fischer, M.}, 
journal={Solid-State Circuits, IEEE Journal of}, 
title={Fully integrated passive UHF RFID transponder IC with 16.7- mu;W minimum RF input power}, 
year={2003}, 
volume={38}, 
number={10}, 
pages={1602-1608}, 
keywords={CMOS integrated circuits;UHF integrated circuits;finite state machines;identification technology;pulse width modulation;transponders;voltage multipliers;0.5 micron;4.5 m;500 mW;868 to 915 MHz;9.25 m;EEPROM;ISM band;RF input power;Schottky diode voltage multiplier;Schottky diodes;UHF RFID transponder;antenna gain;anticollision procedure;base-station transmit power;digital two-poly two-metal digital CMOS technology;finite state machines;phase shift keying backscatter modulator;pulse width modulation demodulator;reading distance;required receive power level;transponder IC;CMOS technology;EPROM;Passive RFID tags;Pulse width modulation;Radio frequency;Radiofrequency identification;Radiofrequency integrated circuits;Transmitting antennas;Transponders;UHF integrated circuits}, 
doi={10.1109/JSSC.2003.817249}, 
ISSN={0018-9200},}

%4
@INPROCEEDINGS{SchottkyBarnett2006, 
author={Barnett, R. and Lazar, S. and Jin Liu}, 
booktitle={Radio Frequency Integrated Circuits (RFIC) Symposium, 2006 IEEE}, 
title={Design of multistage rectifiers with low-cost impedance matching for passive RFID tags}, 
year={2006}, 
pages={4 pp.-}, 
keywords={CMOS integrated circuits;UHF integrated circuits;impedance matching;integrated circuit design;radiofrequency identification;rectifiers;0.13 micron;CMOS process;EEPROM;diode doublers;impedance matching;multistage rectifiers;passive RFID tags;strap inductor;CMOS integrated circuits;Capacitance;Costs;Diodes;Impedance matching;Inductors;Passive RFID tags;Radio frequency;Radiofrequency integrated circuits;Rectifiers}, 
doi={10.1109/RFIC.2006.1651140},}

%5
@INPROCEEDINGS{SchottkyBarnett2007, 
author={Barnett, R. and Balachandran, G. and Lazar, S. and Kramer, B. and Konnail, G. and Rajasekhar, S. and Drobny, V.}, 
booktitle={Solid-State Circuits Conference, 2007. ISSCC 2007. Digest of Technical Papers. IEEE International}, 
title={A Passive UHF RFID Transponder for EPC Gen 2 with -14dBm Sensitivity in 0.13 $\mu$m CMOS}, 
year={2007}, 
pages={582-623}, 
keywords={UHF integrated circuits;passive networks;radiofrequency identification;transponders;0.13 micron;860 to 960 MHz;EEPROM;EPC Gen 2;RF front-end;analog front-end;analog random number generator;digital processing core;passive UHF RFID transponder;Backscatter;Circuits;Clocks;Passive RFID tags;Radio frequency;Radiofrequency identification;Random number generation;Sampling methods;Transponders;Voltage}, 
doi={10.1109/ISSCC.2007.373554}, 
ISSN={0193-6530},}

%6
@ARTICLE{SchottkyHuang2012, 
author={Huang, Chenling and Chakrabartty, S.}, 
journal={Solid-State Circuits, IEEE Journal of}, 
title={An Asynchronous Analog Self-Powered CMOS Sensor-Data-Logger With a 13.56 MHz RF Programming Interface}, 
year={2012}, 
volume={47}, 
number={2}, 
pages={476-489}, 
keywords={CMOS analogue integrated circuits;analogue-digital conversion;data loggers;energy harvesting;radiofrequency integrated circuits;random-access storage;signal processing;specification languages;telemetry;ADC;MCU;RAM;RF back-telemetry interface;RF programming interface;RF-powering mode;SDL unit;asynchronous analog selfpowered CMOS sensor-data-logger;drive current;electro-capacitive transducer;energy scavenging sensor;energy storage;event-based analog selfpowering technique;floating-gate transistor;frequency 13.56 MHz;high-voltage generator;hot-electron injection mechanism;hybrid energy scavenging integrated circuit;level-crossing statistics;nonvolatile storage;open-load voltage;radiofrequency programming interface;sensor signal;size 0.5 mum;voltage regulation;Monitoring;Programming;Radio frequency;Sensors;Transducers;Transistors;Voltage control;13.56 MHz RFID;Analog signal processing;energy scavenging;fatigue;floating-gate transistor;hot-electron injection;self-powered sensing;structural health monitoring;sub-threshold analog circuit}, 
doi={10.1109/JSSC.2011.2172159}, 
ISSN={0018-9200},}

$$Shotckyy Diode Model%%
@ARTICLE{KO2011, 
 author={Ruonan Han and Yaming Zhang and Coquillat, D. and Videlier, H. and Knap, W. and Brown, E. and O, K.K.}, 
 journal={Solid-State Circuits, IEEE Journal of}, 
 title={A 280-GHz Schottky Diode Detector in 130-nm Digital CMOS}, 
 year={2011}, 
 volume={46}, 
 number={11}, 
 pages={2602-2612}, 
 keywords={CMOS logic circuits;Schottky diodes;low noise amplifiers;millimetre wave detectors;millimetre wave imaging;submillimetre wave detectors;submillimetre wave imaging;terahertz wave detectors;Schottky-barrier diode detectors;estimated voltage responsivity;frequency 280 GHz;integrated low-noise amplifier;logic CMOS process;millimeter wave imaging;millimeter-wave images;noise equivalent power;on-chip patch antenna;poly-gate separation;series resistance;signal-noise ratio;size 130 nm;submillimeter wave imaging;CMOS integrated circuits;Detectors;Impedance;Junctions;Noise;Resistance;Schottky diodes;CMOS;NEP;Schottky barrier diode;detector;imaging;on-chip patch antenna;responsivity;terahertz}, 
 doi={10.1109/JSSC.2011.2165234}, 
 ISSN={0018-9200},}
%7
@INPROCEEDINGS{1651140, 
author={Barnett, R. and Lazar, S. and Jin Liu}, 
booktitle={Radio Frequency Integrated Circuits (RFIC) Symposium, 2006 IEEE}, 
title={Design of multistage rectifiers with low-cost impedance matching for passive RFID tags}, 
year={2006}, 
pages={4 pp.-}, 
keywords={CMOS integrated circuits;UHF integrated circuits;impedance matching;integrated circuit design;radiofrequency identification;rectifiers;0.13 micron;CMOS process;EEPROM;diode doublers;impedance matching;multistage rectifiers;passive RFID tags;strap inductor;CMOS integrated circuits;Capacitance;Costs;Diodes;Impedance matching;Inductors;Passive RFID tags;Radio frequency;Radiofrequency integrated circuits;Rectifiers}, 
doi={10.1109/RFIC.2006.1651140},}

%%Standard CMOS with mathing%%

%8
@INPROCEEDINGS{4977376, 
author={Baghaei-Nejad, M. and Mendoza, D.S. and Zhuo Zou and Radiom, S. and Gielen, G. and Li-Rong Zheng and Tenhunen, H.}, 
booktitle={Solid-State Circuits Conference - Digest of Technical Papers, 2009. ISSCC 2009. IEEE International}, 
title={A remote-powered RFID tag with 10Mb/s UWB uplink and #x2212;18.5dBm sensitivity UHF downlink in 0.18 #x00B5;m CMOS}, 
year={2009}, 
pages={198-199,199a}, 
keywords={CMOS integrated circuits;radiofrequency identification;ultra wideband communication;CMOS;UHF downlink;UWB uplink;bit rate 100 Mbit/s;frequency 900 MHz;power 14.1 muW;remote-powered RFID tag;size 0.18 mum;Binary phase shift keying;Clocks;Communication system control;Downlink;Passive RFID tags;Protocols;Pulse modulation;RFID tags;Radiofrequency identification;Shape control}, 
doi={10.1109/ISSCC.2009.4977376},}

%%Higher Frequency biomedical implants%%

%9
@ARTICLE{Poon2010, 
author={Poon, A.S.Y. and O'Driscoll, S. and Meng, T.H.}, 
journal={Antennas and Propagation, IEEE Transactions on}, 
title={Optimal Frequency for Wireless Power Transmission Into Dispersive Tissue}, 
year={2010}, 
volume={58}, 
number={5}, 
pages={1739-1750}, 
keywords={biological tissues;biomedical equipment;prosthetic power supplies;transmission networks;wearable antennas;RF wireless interface;air-tissue interface;biological tissue;dispersive dielectric homogeneous medium;dispersive tissue;electromagnetic simulations;full-wave analysis;human body model;large receive antennas;load impedance;matched power gain;miniaturization;optimal frequency;remotely-powered implantable devices;tissue absorption loss;wireless power transmission;Absorption;Biological system modeling;Biological tissues;Dielectrics;Dispersion;Power transmission;Propagation losses;Radio frequency;Receiving antennas;Transmitting antennas;Implantable medical devices;wireless power transfer}, 
doi={10.1109/TAP.2010.2044310}, 
ISSN={0018-926X},}

%10
@ARTICLE{Poon2013, 
author={Ho, J.S. and Sanghoek Kim and Poon, A.S.Y.}, 
journal={Proceedings of the IEEE}, 
title={Midfield Wireless Powering for Implantable Systems}, 
year={2013}, 
volume={101}, 
number={6}, 
pages={1369-1378}, 
keywords={biological tissues;coils;electromagnetic fields;millimetre wave couplers;millimetre wave receivers;optimisation;prosthetic power supplies;cardiac implant;coils;electromagnetic midfield wireless near-field power transfer system;energy storage component;millimeter-scale implantable system;optimization;weak coupling receiver;Bulk storage;Energy storage;Energy transfer;Near-field radiation pattern;Power transmission;Wireless communication;Implantable systems;midfield;wireless power transfer}, 
doi={10.1109/JPROC.2013.2251851}, 
ISSN={0018-9219},}

%%On-Chip Antenna%%

%11
@ARTICLE{4277869, 
author={Jau Lin and Hsin-Ta Wu and Yu Su and Li Gao and Sugavanam, A. and Brewer, J.E. and O, K.K.}, 
journal={Solid-State Circuits, IEEE Journal of}, 
title={Communication Using Antennas Fabricated in Silicon Integrated Circuits}, 
year={2007}, 
volume={42}, 
number={8}, 
pages={1678-1687}, 
keywords={CMOS digital integrated circuits;dipole antennas;integrated circuit interconnections;monolithic integrated circuits;RFID tags;beacons;bit rate 100 kbit/s;compact antennas;contactless high-frequency testing;digital CMOS technologies;frequency 5.8 GHz;interchip clock distribution;interchip data communication;intrachip clock distribution;intrachip data communication;radars;silicon integrated circuits;single-chip radio;size 3 mm;wireless interconnections;zigzag dipole antenna;CMOS digital integrated circuits;CMOS technology;Costs;Data communication;Dipole antennas;Foundries;Frequency;Integrated circuit interconnections;Integrated circuit technology;Silicon;CMOS;data communication;monopole;on-chip antenna;silicon;wireless}, 
doi={10.1109/JSSC.2007.900236}, 
ISSN={0018-9200},}

%12
@ARTICLE{5556446, 
author={Radiom, S. and Baghaei-Nejad, M. and Aghdam, K. and Vandenbosch, G.A.E. and Li-Rong Zheng and Gielen, G. G E}, 
journal={Solid-State Circuits, IEEE Journal of}, 
title={Far-Field On-Chip Antennas Monolithically Integrated in a Wireless-Powered 5.8-GHz Downlink/UWB Uplink RFID Tag in 0.18- \mu{\hbox {m}} Standard CMOS}, 
year={2010}, 
volume={45}, 
number={9}, 
pages={1746-1758}, 
keywords={CMOS integrated circuits;MMIC;dipole antennas;radiofrequency identification;ultra wideband antennas;ultra wideband technology;CMOS technology;ISM bands;RF signal transmission;asymmetric communication links;distance 7.5 cm;far-field on-chip antennas;frequency 10 MHz;frequency 2.45 GHz;frequency 3.1 GHz to 10.6 GHz;frequency 5.8 GHz;frequency 915 MHz;inductive stubs;integrated on-chip antenna;monolithic integrated circuits;multiturn loop-dipole structure;off-chip antennas;on-chip UWB antenna;on-chip power scavenging;power 16.6 muW;power consumption;power management unit circuitry;resistive stubs;size 0.18 mum;ultrawideband impulse radio;voltage 1.2 V;wireless powered downlink UWB RFID tag;wireless-powered uplink UWB RFID tag;Antenna radiation patterns;Capacitors;Radiofrequency identification;System-on-a-chip;Transmitting antennas;Ultra wideband antennas;Integrated on-chip antenna;UWB transmitter;power scavenging;radiation pattern;radio frequency identification (RFID);tag;ultra-wideband (UWB);wireless powering}, 
doi={10.1109/JSSC.2010.2055630}, 
ISSN={0018-9200},}

%13

%%mmWave RFID%%

%14
@ARTICLE{60GHz_RFID, 
author={Pellerano, S. and Alvarado, J. and Palaskas, Y.}, 
journal={Solid-State Circuits, IEEE Journal of}, 
title={A mm-Wave Power-Harvesting RFID Tag in 90 nm CMOS}, 
year={2010}, 
volume={45}, 
number={8}, 
pages={1627-1637}, 
keywords={CMOS integrated circuits;energy harvesting;millimetre wave antennas;radiofrequency identification;radiofrequency oscillators;voltage multipliers;CMOS;antenna integration on-chip;antenna size;associated matching network;back pulse-width modulated bursts;bit rate 5 kbit/s;free-running oscillator;frequency 60 GHz;mm-wave continuous wave signal;mm-wave power-harvesting RFID tag;voltage multiplier;Batteries;Costs;Frequency;Millimeter wave technology;Oscillators;Packaging;RFID tags;Radiofrequency identification;Voltage;Wireless sensor networks;CMOS;millimeter wave oscillator;millimeter wave transmitter;passive RFID tag;radio-frequency identification (RFID);wireless power transmission;wireless transceiver}, 
doi={10.1109/JSSC.2010.2049916}, 
ISSN={0018-9200},}

%%mmWave RFID-but with additional mmWave mixer%%

%15
@ARTICLE{5765711, 
author={Pursula, P. and Donzelli, F. and Seppa, H.}, 
journal={Microwave Theory and Techniques, IEEE Transactions on}, 
title={Passive RFID at Millimeter Waves}, 
year={2011}, 
volume={59}, 
number={8}, 
pages={2151-2157}, 
keywords={Schottky diodes;UHF integrated circuits;antennas;millimetre wave mixers;radiofrequency identification;EPC-compliant UHF tag integrated circuit;RFID carrier frequency;RFID reader signal;Schottky diode;external mixing element;frequency 10 GHz;millimeter waves;passive RF identification;passive operation;range extension;received millimeter-wave signal;semipassive RFID circuits;standard RFID chip;tag antenna;Amplitude modulation;Antennas;Frequency measurement;Gain;Millimeter wave technology;Mixers;Radiofrequency identification;Millimeter-wave identification (MMID);RF identification (RFID)}, 
doi={10.1109/TMTT.2011.2141147}, 
ISSN={0018-9480},}

%%Standard CMOS diode connected%%
%%Differential Drive Arhictecture%%

%16
@INPROCEEDINGS{4523170, 
author={Missoni, A. and Klapf, C. and Pribyl, W. and Guenter, H. and Holweg, G.}, 
booktitle={Solid-State Circuits Conference, 2008. ISSCC 2008. Digest of Technical Papers. IEEE International}, 
title={A Triple-Band Passive RFID Tag}, 
year={2008}, 
pages={288-614}, 
keywords={CMOS analogue integrated circuits;antennas;radiofrequency identification;CMOS process;antenna;broadband analog interface;broadband chip;frequency 1 MHz to 2.45 GHz;frequency selective tags;radiofrequency identification;size 0.12 mum;supply chain applications;triple-band passive RFID tag;Charge pumps;Clocks;Frequency;Mirrors;Passive RFID tags;Pulse modulation;Radiofrequency identification;Rectifiers;Voltage;Voltage-controlled oscillators}, 
doi={10.1109/ISSCC.2008.4523170},}

%17
@ARTICLE{5308586, 
author={Kotani, K. and Sasaki, A. and Ito, Takashi}, 
journal={Solid-State Circuits, IEEE Journal of}, 
title={High-Efficiency Differential-Drive CMOS Rectifier for UHF RFIDs}, 
year={2009}, 
volume={44}, 
number={11}, 
pages={3011-3018}, 
keywords={CMOS integrated circuits;MOSFET;UHF integrated circuits;radiofrequency identification;rectifying circuits;UHF RFID;cross-coupled bridge configuration;differential-drive CMOS rectifier;differential-drive active gate bias mechanism;diode-connected MOS transistors;frequency 953 MHz;power conversion efficiency;resistance 10 kohm;size 0.18 mum;Bridge circuits;CMOS technology;Circuit testing;Diodes;MOSFETs;Power conversion;Radio frequency;Radiofrequency identification;Rectifiers;UHF circuits;Differential;power conversion efficiency (PCE);radio frequency identification (RFID);rectifier;ultra-high frequency (UHF)}, 
doi={10.1109/JSSC.2009.2028955}, 
ISSN={0018-9200},}

%18
@ARTICLE{5752836, 
author={Peng Wei and Wenyi Che and Zhongyu Bi and Chen Wei and Yan Na and Li Qiang and Min Hao}, 
journal={Circuits and Systems II: Express Briefs, IEEE Transactions on}, 
title={High-Efficiency Differential RF Front-End for a Gen2 RFID Tag}, 
year={2011}, 
volume={58}, 
number={4}, 
pages={189-194}, 
keywords={CMOS integrated circuits;radiofrequency identification;read-only storage;rectifiers;voltage regulators;Gen2 RFID tag;N-stage rectifier;backscattering modulator;complementary metal-oxide-semiconductor technology;differential RF front-end;differential radio-frequency front-end;dynamic compensation technique;electrically erasable programmable read-only memory;electronic-product-code;envelope detector;power conversion efficiency;second-generation-compatible RF identification tags;size 0.18 mum;steady-state model;voltage regulator;Mathematical model;Radio frequency;Radiofrequency identification;Steady-state;Threshold voltage;Topology;Transistors;Power conversion efficiency (PCE);radio-frequency (RF) front-end;rectifier;second-generation (Gen2) radio-frequency identification (RFID) tag;steady-state model}, 
doi={10.1109/TCSII.2011.2124530}, 
ISSN={1549-7747},}

%%Gate Precharging%%

%19
@ARTICLE{Umeda2006, 
author={Umeda, T. and Yoshida, H. and Sekine, S. and Fujita, Y. and Suzuki, T. and Otaka, S.}, 
journal={Solid-State Circuits, IEEE Journal of}, 
title={A 950-MHz rectifier circuit for sensor network tags with 10-m distance}, 
year={2006}, 
volume={41}, 
number={1}, 
pages={35-41}, 
keywords={CMOS integrated circuits;UHF integrated circuits;battery chargers;inductive power transmission;power transmission;radiofrequency identification;secondary cells;wireless sensor networks;0.3 micron;1.2 V;10 m;4 W;950 MHz;CMOS;bias voltage distributor;radio frequency identification;rectifier circuit;secondary battery;ubiquitous sensor network tags;wireless power transmission system;Base stations;Battery charge measurement;CMOS process;Circuits;Power generation;Power measurement;Power transmission;Rectifiers;Sensor systems;Wireless sensor networks;Bias voltage distributor;effective threshold voltage;high-sensitivity rectifier;radio-frequency identification (RFID);wireless power transmission}, 
doi={10.1109/JSSC.2005.858620}, 
ISSN={0018-9200},}

%%ITC%%

%20
@ARTICLE{Nakamoto2007, 
author={Nakamoto, H. and Yamazaki, D. and Yamamoto, T. and Kurata, H. and Yamada, S. and Mukaida, K. and Ninomiya, T. and Ohkawa, T. and Masui, S. and Gotoh, K.}, 
journal={Solid-State Circuits, IEEE Journal of}, 
title={A Passive UHF RF Identification CMOS Tag IC Using Ferroelectric RAM in 0.35-$\mu$m Technology}, 
year={2007}, 
volume={42}, 
number={1}, 
pages={101-110}, 
keywords={CMOS integrated circuits;amplitude shift keying;demodulators;ferroelectric storage;radiofrequency identification;random-access storage;rectifying circuits;0.35 micron;2 kBytes;4 W;953 MHz;ASK power modulation;CMOS-only full-wave rectifier;FeRAM-based tag;effective isotropic radiated power;electromagnetic radiative interference;ferroelectric RAM;ferroelectric random access memories;folded dipole antenna;low-voltage current-mode ASK demodulator;multiplier structure;parasitic capacitances;passive UHF RF identification CMOS tag IC;read-and-write transaction time;rewritable applications;voltage-mode demodulator;CMOS integrated circuits;CMOS technology;Demodulation;Ferroelectric films;Nonvolatile memory;Radio frequency;Radiofrequency identification;Radiofrequency integrated circuits;Random access memory;UHF integrated circuits;CMOS-only full-wave rectifier;UHF radio frequency identification;current-mode demodulator;electromagnetic radiative interference;ferroelectric random access memories;identical read/write communication}, 
doi={10.1109/JSSC.2006.886523}, 
ISSN={0018-9200},}

%% self-bias, without ITC, but similar to multistage-bias%%

%21
@INPROCEEDINGS{Kotani2007, 
author={Kotani, K. and Ito, Takashi}, 
booktitle={Solid-State Circuits Conference, 2007. ASSCC '07. IEEE Asian}, 
title={High efficiency CMOS rectifier circuit with self-Vth-cancellation and power regulation functions for UHF RFIDs}, 
year={2007}, 
pages={119-122}, 
keywords={CMOS integrated circuits;MOSFET circuits;UHF devices;radiofrequency identification;rectifiers;CMOS rectifier circuit;MOSFET;UHF RFID;circuit configuration;power conversion efficiency;power regulation function;self-Vth-cancellation;CMOS process;MOSFETs;Power conversion;Power dissipation;Radio frequency;Radiofrequency identification;Rectifiers;Static VAr compensators;Threshold voltage;UHF circuits}, 
doi={10.1109/ASSCC.2007.4425746},}

%22
@ARTICLE{Wardlaw2011, 
author={Wardlaw, J.L. and Karsilayan, A.I.}, 
journal={Emerging and Selected Topics in Circuits and Systems, IEEE Journal on}, 
title={Self-Powered Rectifier for Energy Harvesting Applications}, 
year={2011}, 
volume={1}, 
number={3}, 
pages={308-320}, 
keywords={CMOS integrated circuits;energy harvesting;rectifying circuits;wireless sensor networks;complementary metal-oxide-semiconductor process;energy harvesting applications;four-stage rectifiers;poly-poly capacitors;resistance 10 kohm to 10 Mohm;self-powered rectifier;size 0.5 mum;voltage 0.8 V;voltage 100 V to 1000 V;voltage 3.5 V;wireless sensor networks;Energy harvesting;Impedance;Inverters;Logic gates;MOS devices;Schottky diodes;Threshold voltage;Complementary metal冬oxide冬semiconductor (CMOS);efficiency;energy harvest;power harvest;rectifier;self-power;voltage conversion}, 
doi={10.1109/JETCAS.2011.2164975}, 
ISSN={2156-3357},}

%23
@ARTICLE{Papotto2011, 
author={Papotto, G. and Carrara, F. and Palmisano, G.}, 
journal={Solid-State Circuits, IEEE Journal of}, 
title={A 90-nm CMOS Threshold-Compensated RF Energy Harvester}, 
year={2011}, 
volume={46}, 
number={9}, 
pages={1985-1997}, 
keywords={CAD;CMOS analogue integrated circuits;UHF integrated circuits;energy harvesting;power convertors;rectifiers;wireless sensor networks;CAD-oriented design methodology;CMOS threshold-compensated RF energy harvester;RF-powered wireless sensor network;capacitive load;frequency 915 MHz;input power threshold;integrated input matching network;matching loss;multistage rectifier;passive threshold self-compensation scheme;power 13.1 muW;power 4 muW;power conversion efficiency;power reflection;resistance 1 Mohm;size 90 nm;voltage 1 V;voltage 1.2 V;CMOS integrated circuits;Charge pumps;Performance evaluation;Radio frequency;Threshold voltage;Topology;Transistors;90-nm CMOS;RF energy harvesting;RF-powered sensor network;dead zone;multi-stage rectifier;radio frequency identification (RFID);threshold compensation}, 
doi={10.1109/JSSC.2011.2157010}, 
ISSN={0018-9200},}

%24
@INPROCEEDINGS{Papotto2012, 
author={Papotto, G. and Carrara, F. and Finocchiaro, A. and Palmisano, G.}, 
booktitle={Solid-State Circuits Conference Digest of Technical Papers (ISSCC), 2012 IEEE International}, 
title={A 90nm CMOS 5Mb/s crystal-less RF transceiver for RF-powered WSN nodes}, 
year={2012}, 
pages={452-454}, 
keywords={CMOS integrated circuits;phase locked loops;radio transceivers;wireless sensor networks;PLL-based architecture;RF-powered WSN nodes;TX carrier;batteryless CMOS RF transceiver;bit rate 5 Mbit/s;crystal-less RF transceiver;crystal-less operation;input RF signal;narrowband active transmission;size 90 nm;system complexity;CMOS integrated circuits;Radio frequency;Radiofrequency identification;Receivers;Solid state circuits;Transceivers;Wireless sensor networks}, 
doi={10.1109/ISSCC.2012.6177087}, 
ISSN={0193-6530},}

%%Body Bias%%

%25
@ARTICLE{859515, 
author={Jongshin Shin and In-Young Chung and Young-June Park and Min, Hong Shick}, 
journal={Solid-State Circuits, IEEE Journal of}, 
title={A new charge pump without degradation in threshold voltage due to body effect [memory applications]}, 
year={2000}, 
volume={35}, 
number={8}, 
pages={1227-1230}, 
keywords={EPROM;MOS memory circuits;capacitance;circuit stability;flash memories;back bias effect;body effect;charge pump;controllable body voltage;output voltage;threshold voltage;Capacitance;Charge coupled devices;Charge pumps;Degradation;Diodes;Low voltage;MOSFET circuits;Switches;Threshold voltage;Voltage control}, 
doi={10.1109/4.859515}, 
ISSN={0018-9200},}

%%Self-bias with low threshold devices%%
%%Use other lower threshold technology%%

%26
@ARTICLE{SapphireCurty2005, 
author={Curty, J.-P. and Joehl, N. and Dehollaini, C. and Declercq, M.J.}, 
journal={Solid-State Circuits, IEEE Journal of}, 
title={Remotely powered addressable UHF RFID integrated system}, 
year={2005}, 
volume={40}, 
number={11}, 
pages={2193-2202}, 
keywords={UHF integrated circuits;amplitude shift keying;radiofrequency identification;rectifiers;transponders;0.5 micron;2.45 GHz;4 W;UHF RFID integrated system;amplitude shift keying;backscattering modulation;effective isotropically radiated power;inductive matching;on-off keying modulation;radio frequency identification transponder;rectifier design;silicon-on-sapphire technology;transponder communication;transponder integrated circuit;wireless power transmission;Amplitude modulation;Amplitude shift keying;Application specific integrated circuits;Backscatter;Frequency;Power transmission;Radiofrequency identification;Switches;Transponders;Wireless sensor networks;Backscattering modulation;RFID;low power;low voltage;passive transponder;radio frequency identification;wireless power transmission}, 
doi={10.1109/JSSC.2005.857352}, 
ISSN={0018-9200},}

%27
@INPROCEEDINGS{SapphireTheilmann2010, 
author={Theilmann, P.T. and Presti, C.D. and Kelly, D. and Asbeck, P.M.}, 
booktitle={Radio Frequency Integrated Circuits Symposium (RFIC), 2010 IEEE}, 
title={Near zero turn-on voltage high-efficiency UHF RFID rectifier in silicon-on-sapphire CMOS}, 
year={2010}, 
pages={105-108}, 
keywords={CMOS integrated circuits;radiofrequency identification;rectifiers;cross-coupled bridge topology;frequency 915 MHz;intrinsic near zero threshold devices;near zero input voltage;near zero turn-on voltage high-efficiency UHF RFID rectifier;silicon-on-sapphire CMOS;size 0.25 mum;Bridge circuits;CMOS technology;Power conversion;Radio frequency;Radiofrequency identification;Radiofrequency integrated circuits;Rectifiers;Topology;UHF measurements;Voltage;AC-DC power conversion;CMOS integrated circuits;RFID;power conversion efficiency (PCE);radio frequency rectifier;ultra-high frequency (UHF);wireless power transmission}, 
doi={10.1109/RFIC.2010.5477409}, 
ISSN={1529-2517},}

%28
@ARTICLE{SapphireTheilmann2012, 
author={Theilmann, P.T. and Presti, C.D. and Kelly, D.J. and Asbeck, P.M.}, 
journal={Circuits and Systems I: Regular Papers, IEEE Transactions on}, 
title={A  $\mu$ W Complementary Bridge Rectifier With Near Zero Turn-on Voltage in SOS CMOS for Wireless Power Supplies}, 
year={2012}, 
volume={59}, 
number={9}, 
pages={2111-2124}, 
keywords={CMOS integrated circuits;bridge circuits;coils;electric impedance;integrated circuit design;leakage currents;low-power electronics;network topology;power conversion;prosthetic power supplies;radiofrequency power transmission;rectifiers;semiconductor diodes;silicon-on-insulator;SOS CMOS process;Si;biomedical implants;complementary bridge rectifier;cross-connected bridge rectifier topology;design strategy;diode bridge rectifier topology;frequency 100 MHz;inductive coil type antennas;input impedance;intrinsic devices;leakage current;low input power performance;near zero turn-on voltage;power conversion efficiency;silicon-on-sapphire CMOS process;size 0.25 mum;wireless power supplies;zero-threshold voltage;Bridge circuits;CMOS integrated circuits;Implants;MOS devices;Radio frequency;Threshold voltage;Wireless communication;AC-DC power conversion;CMOS integrated circuits;power conversion efficiency (PCE);power harvesting;radio frequency rectifier;wireless power transmission}, 
doi={10.1109/TCSI.2012.2185293}, 
ISSN={1549-8328},}

%%Floating Gate%%

%29
@ARTICLE{FloatingLe2008, 
author={Le, T. and Mayaram, K. and Fiez, T.}, 
journal={Solid-State Circuits, IEEE Journal of}, 
title={Efficient Far-Field Radio Frequency Energy Harvesting for Passively Powered Sensor Networks}, 
year={2008}, 
volume={43}, 
number={5}, 
pages={1287-1302}, 
keywords={CMOS integrated circuits;passive networks;rectifiers;transistor circuits;wireless sensor networks;CMOS technology;RF-DC power conversion system;far-field radio frequency energy harvesting;floating gate transistors;passive rectifier circuits;passively powered sensor networks;Batteries;CMOS technology;Circuits;Low voltage;Monitoring;Power conversion;Radio frequency;Radiofrequency identification;Rectifiers;Sensor systems;Far field;RF powered;floating gate;high efficiency;interface circuit;micro power;passively powered;power conversion;rectifier;sensor network}, 
doi={10.1109/JSSC.2008.920318}, 
ISSN={0018-9200},}

%%Active Gate Switching using Osc%%

%30
@INPROCEEDINGS{6008606, 
author={Kamalinejad, P. and Mirabbasi, S. and Leung, V. C M}, 
booktitle={Green Computing Conference and Workshops (IGCC), 2011 International}, 
title={An efficient CMOS rectifier with low-voltage operation for RFID tags}, 
year={2011}, 
pages={1-6}, 
keywords={CMOS integrated circuits;MOSFET;radiofrequency identification;rectifiers;CMOS technology;MOS transistors;RFID tags;charge-transfer transistors;conventional 4 transistor-cell rectifier;efficient CMOS rectifier;external gate-boosting technique;frequency 950 MHz;low-voltage operation;nominal standard threshold voltage;on-chip generated clock signal;power conversion efficiency;power efficiency;radio-frequency identification applications;small leakage current;CMOS integrated circuits;Clocks;Logic gates;Radio frequency;Switches;Threshold voltage;Transistors}, 
doi={10.1109/IGCC.2011.6008606},}

%31
@INPROCEEDINGS{6271912, 
author={Zargham, M. and Gulak, P.G.}, 
booktitle={Circuits and Systems (ISCAS), 2012 IEEE International Symposium on}, 
title={High-efficiency CMOS rectifier for fully integrated mW wireless power transfer}, 
year={2012}, 
pages={2869-2872}, 
keywords={CMOS integrated circuits;inductive power transmission;lab-on-a-chip;prosthetic power supplies;rectifiers;CMOS full-wave rectifier architecture;frequency 40.68 MHz;fully integrated mW wireless power transfer;fully integrated power harvesting biomedical implant;high-efficiency CMOS rectifier;lab-on-chip applications;near-field inductively coupled wireless power transfer receivers;power efficiency;size 0.18 mum;voltage drop;CMOS integrated circuits;Coils;Power measurement;Receivers;Threshold voltage;Transistors;Voltage measurement}, 
doi={10.1109/ISCAS.2012.6271912}, 
ISSN={0271-4302},}

%%active diodes%%

%32
@ARTICLE{ActiveDiodeLee2011, 
author={Hyung-Min Lee and Ghovanloo, M.}, 
journal={Circuits and Systems I: Regular Papers, IEEE Transactions on}, 
title={An Integrated Power-Efficient Active Rectifier With Offset-Controlled High Speed Comparators for Inductively Powered Applications}, 
year={2011}, 
volume={58}, 
number={8}, 
pages={1749-1760}, 
keywords={CMOS integrated circuits;comparators (circuits);delays;overvoltage protection;power conversion;rectifying circuits;switches;telemetry;LSK technique;OVP;PCE;back current maximization;built-in back telemetry;dropout voltage;efficiency 80.2 percent;forward current maximization;frequency 13.56 MHz;full-wave rectifier;inductively powered application;integrated power-efficient active rectifier;load shift keying technique;offset-controlled high speed comparator;overvoltage protection;passive off-chip rectifier;passive on-chip rectifier;power conversion efficiency;rectifying switch;resistance 500 ohm;size 0.5 mum;standard CMOS process;turn-off delay;turn-on delay;voltage 3.12 V;voltage 3.8 V;Coils;Delay;Logic gates;Power demand;Schottky diodes;Telemetry;Transistors;Active rectifier;RFID;back telemetry;high speed comparators;implantable microelectronic devices;inductive power transmission;load shift keying;offset control}, 
doi={10.1109/TCSI.2010.2103172}, 
ISSN={1549-8328},}

%33
@ARTICLE{6205613, 
author={Hyouk-Kyu Cha and Woo-Tae Park and Minkyu Je}, 
journal={Circuits and Systems II: Express Briefs, IEEE Transactions on}, 
title={A CMOS Rectifier With a Cross-Coupled Latched Comparator for Wireless Power Transfer in Biomedical Applications}, 
year={2012}, 
volume={59}, 
number={7}, 
pages={409-413}, 
keywords={CMOS integrated circuits;comparators (circuits);flip-flops;leakage currents;power conversion;prosthetic power supplies;rectifiers;rectifying circuits;CMOS rectifier;CMOS technology;RF input signal;biomedical implant;four-input common-gate-type capacitively cross-coupled latched comparator;frequency 13.56 MHz;nMOS diodes;pMOS diodes;power conversion efficiency;reverse leakage current control;size 0.18 mum;voltage 1.5 V;wireless power transfer;Biomedical measurements;CMOS integrated circuits;Current measurement;Frequency measurement;Implants;Voltage measurement;Wireless communication;Biomedical implant devices;CMOS rectifier;cross-coupled latched comparator;wireless power transfer}, 
doi={10.1109/TCSII.2012.2198977}, 
ISSN={1549-7747},}

%34
@ARTICLE{6220262, 
author={Hyung-Min Lee and Ghovanloo, M.}, 
journal={Biomedical Circuits and Systems, IEEE Transactions on}, 
title={A High Frequency Active Voltage Doubler in Standard CMOS Using Offset-Controlled Comparators for Inductive Power Transmission}, 
year={2013}, 
volume={7}, 
number={3}, 
pages={213-224}, 
keywords={CMOS integrated circuits;comparators (circuits);delay circuits;inductive power transmission;power conversion;prosthetic power supplies;radiofrequency identification;AC input;DC output;HF band;IMD;PCE;RFID tags;back current;built-in start-up circuit;chip area;dropout voltage;forward charging current;frequency 13.56 MHz;fully integrated active voltage doubler;high frequency active voltage doubler;high frequency band;implantable microelectronic devices;inductive power transmission;offset-controlled functions;offset-controlled high speed comparators;power conversion efficiency;radiofrequency identification tags;reliable operation;size 0.5 mum;standard CMOS technology;turn-off delays;turn-on delays;voltage 1.46 V;weakly coupled inductive links;Delay;Inverters;Logic gates;Radiofrequency identification;Reliability;Transistors;Voltage control;Active voltage doubler;high speed comparators;implantable microelectronic devices;inductive power transmission;integrated rectifier;near field;offset control;radio-frequency identification (RFID)}, 
doi={10.1109/TBCAS.2012.2198649}, 
ISSN={1932-4545},}

%35
@ARTICLE{6175966, 
author={Maurath, D. and Becker, P.F. and Spreemann, D. and Manoli, Y.}, 
journal={Solid-State Circuits, IEEE Journal of}, 
title={Efficient Energy Harvesting With Electromagnetic Energy Transducers Using Active Low-Voltage Rectification and Maximum Power Point Tracking}, 
year={2012}, 
volume={47}, 
number={6}, 
pages={1369-1380}, 
keywords={electromagnetic waves;energy harvesting;maximum power point trackers;power consumption;transducers;active diode design;active diode rectifier;active full-wave rectifier design;active low-voltage rectification;adaptive charge pump;electromagnetic energy transducers;electromagnetic generators;maximum power point tracking;medical implants;micro energy harvesting;size 0.35 mum;twin-well CMOS process;ultra-low power consumption;vibration-driven electromagnetic transducers;voltage 0.48 V to 3.3 V;voltage up-conversion;wireless sensor nodes;Arrays;Capacitors;Charge pumps;Electromagnetics;Generators;Switches;Transducers;Active diode;CMOS;charge pump;energy harvesting;generator interface;low-voltage comparator;maximum power point tracking;rectifier;self-sufficient;switched capacitor;voltage converter}, 
doi={10.1109/JSSC.2012.2188562}, 
ISSN={0018-9200},}

%%an awkward resonant type%%

%36
@ARTICLE{6476759, 
author={Mansano, A. and Bagga, S. and Serdijn, W.}, 
journal={Circuits and Systems I: Regular Papers, IEEE Transactions on}, 
title={A High Efficiency Orthogonally Switching Passive Charge Pump Rectifier for Energy Harvesters}, 
year={2013}, 
volume={60}, 
number={7}, 
pages={1959-1966}, 
keywords={CMOS integrated circuits;MOSFET;charge pump circuits;circuit optimisation;energy harvesting;rectifying circuits;voltage control;AMS high-voltage CMOS technology;CPR;MOS transistors;PCE;VBN;circuit-level optimization;conduction loss reduction;energy harvesters;frequency 915 MHz;orthogonal switching;passive charge pump rectifier;passive voltage-boosting network;power conversion efficiency;size 0.18 mum;size 90 nm;switching charge pump rectifier;switching loss reduction;voltage 1.35 V;voltage-controlled switches;Approximation methods;Charge pumps;MOSFETs;Radio frequency;Schottky diodes;Switches;Switching circuits;Charge pump;ISM;energy harvesting;power conversion efficiency;radio frequency identification (RFID);rectifier}, 
doi={10.1109/TCSI.2012.2230499}, 
ISSN={1549-8328},}

%37

%38
@INPROCEEDINGS{Gao62GHz2013, 
author={Hao Gao and Matters-Kammerer, M.K. and Milosevic, D. and van Roermund, A. and Baltus, P.}, 
booktitle={Radio Frequency Integrated Circuits Symposium (RFIC), 2013 IEEE}, 
title={A 62 \uppercase{G}Hz inductor-peaked rectifier with 7\% efficiency}, 
year={2013}, 
pages={189-192}, 
keywords={CMOS integrated circuits;energy harvesting;field effect MIMIC;inductors;receivers;rectifiers;CMOS technology;RF-DC rectifier;current 1 mA;frequency 45 GHz;frequency 62 GHz;inductor peaked diode connected transistor;inductor peaked rectifier;millimetre wave rectifier;millimetre wave wireless power receivers;on-chip wireless power receivers;self-threshold voltage modulation;size 65 nm;Current measurement;Inductors;Radio frequency;Rectifiers;Transistors;Voltage measurement;Wireless sensor networks;RF energy harvesting;inductor-peaked rectifier;mm-wave;rectifier;wireless power receiver}, 
doi={10.1109/RFIC.2013.6569557}, 
ISSN={1529-2517},}

%39
@INPROCEEDINGS{Gao71GHz2013, 
author={Hao Gao and Matters-Kammerer, M.K. and Harpe, P. and Milosevic, D. and Johannsen, U. and van Roermund, A. and Baltus, P.}, 
booktitle={Radio Frequency Integrated Circuits Symposium (RFIC), 2013 IEEE}, 
title={A 71 \uppercase{G}Hz RF energy harvesting tag with 8\% efficiency for wireless temperature sensors in 65nm CMOS}, 
year={2013}, 
pages={403-406}, 
keywords={CMOS integrated circuits;field effect MIMIC;low-power electronics;millimetre wave antennas;monopole antennas;radio transmitters;temperature sensors;wireless sensor networks;CMOS technology;RF energy harvesting tag;RF-DC converter;efficiency 8 percent;end-of-burst monitor;frequency 71 GHz;frequency 79 GHz;monolithically integrated RF-power harvesting;monopole antenna;size 65 nm;storage capacitor array;ultralow-power transmitter;wireless temperature sensors;Energy harvesting;Radio frequency;Rectifiers;Temperature measurement;Temperature sensors;Wireless communication;Wireless sensor networks;CMOS;Efficiency;RF Energy Harvesting;Tag;wireless sensor}, 
doi={10.1109/RFIC.2013.6569616}, 
ISSN={1529-2517},}

%%Analysis%%

%40@INPROCEEDINGS{187963, 
author={Harrison, R.G.}, 
booktitle={Microwave Symposium Digest, 1992., IEEE MTT-S International}, 
title={Full nonlinear analysis of detector circuits using Ritz-Galerkin theory}, 
year={1992}, 
pages={267-270 vol.1}, 
keywords={detector circuits;equivalent circuits;nonlinear network analysis;Ritz-Galerkin theory;detector circuits;exponential-diode;large-signal analysis;linear regions;nonlinear analysis;square-law-region;Capacitance;Circuit analysis;Detectors;Differential equations;Diodes;Nonlinear circuits;Numerical simulation;Roentgenium;Signal analysis;Voltage}, 
doi={10.1109/MWSYM.1992.187963}, 
ISSN={0149-645X},}

%41
@ARTICLE{1505023, 
author={De Vita, G. and Iannaccone, G.}, 
journal={Microwave Theory and Techniques, IEEE Transactions on}, 
title={Design criteria for the RF section of UHF and microwave passive RFID transponders}, 
year={2005}, 
volume={53}, 
number={9}, 
pages={2978-2990}, 
keywords={MMIC;UHF integrated circuits;backscatter;modulation;radiofrequency identification;transponders;voltage multipliers;2.45 GHz;868 MHz;RF section design;UHF passive RFID transponders;backscatter modulation;error probability;microwave passive RFID transponders;power matching network;voltage multiplier;Amplitude modulation;Backscatter;Design optimization;Electromagnetic fields;Passive RFID tags;Phase modulation;Radio frequency;Radiofrequency identification;Transponders;Voltage;Backscatter modulation;RF rectifier;passive transponders;radio-frequency identification (RFID)}, 
doi={10.1109/TMTT.2005.854229}, 
ISSN={0018-9480},}

%42
@ARTICLE{1556784, 
author={Curty, J.-P. and Joehl, N. and Krummenacher, F. and Dehollaini, C. and Declercq, M.J.}, 
journal={Circuits and Systems I: Regular Papers, IEEE Transactions on}, 
title={A model for mu;-power rectifier analysis and design}, 
year={2005}, 
volume={52}, 
number={12}, 
pages={2771-2779}, 
keywords={CMOS integrated circuits;integrated circuit design;integrated circuit modelling;rectifying circuits;two-port networks;μ power rectifier analysis;0.5 micron;CMOS technology;N stage rectifier circuit;modified Greinacher full wave rectifier;silicon on sapphire;Antenna measurements;CMOS technology;Circuits;Current measurement;Diodes;Particle measurements;Receiving antennas;Rectifiers;Semiconductor device modeling;Threshold voltage;Micropower;model;rectenna;rectifier;wireless power transmission}, 
doi={10.1109/TCSI.2005.854294}, 
ISSN={1549-8328},}

%43
@ARTICLE{4061033, 
author={Jun Yi and Wing-Hung Ki and Chi-Ying Tsui}, 
journal={Circuits and Systems I: Regular Papers, IEEE Transactions on}, 
title={Analysis and Design Strategy of UHF Micro-Power CMOS Rectifiers for Micro-Sensor and RFID Applications}, 
year={2007}, 
volume={54}, 
number={1}, 
pages={153-166}, 
keywords={CMOS analogue integrated circuits;UHF integrated circuits;integrated circuit design;radiofrequency identification;rectifiers;0.18 micron;900 MHz;MOS transistors;Micro-Sensor;RFID Applications;UHF Micro-Power CMOS Rectifiers;microsensor;multiple-output rectifiers;superposition method;zero threshold transistors;CMOS process;Design optimization;Diodes;Energy consumption;Leakage current;MOSFETs;Optimization methods;Radiofrequency identification;Rectifiers;Threshold voltage;Conduction angle;efficiency;leakage current;micro-sensor;optimization;radio frequency identification (RFID);rectifier}, 
doi={10.1109/TCSI.2006.887974}, 
ISSN={1549-8328},}

%44
@ARTICLE{4768896, 
author={Barnett, R.E. and Jin Liu and Lazar, S.}, 
journal={Solid-State Circuits, IEEE Journal of}, 
title={A RF to DC Voltage Conversion Model for Multi-Stage Rectifiers in UHF RFID Transponders}, 
year={2009}, 
volume={44}, 
number={2}, 
pages={354-370}, 
keywords={CMOS integrated circuits;Schottky diodes;UHF integrated circuits;radiofrequency identification;rectifiers;transponders;CMOS;RF power;RF-DC voltage conversion model;Schottky diodes;UHF RFID transponders;impedance matching;multistage rectifiers;nonlinear forward voltage drop;optimization;parasitic resistive loss components;rectifying diodes;size 130 nm;Antenna accessories;Impedance matching;Loaded antennas;Nonlinear equations;Radio frequency;Radiofrequency identification;Rectifiers;Schottky diodes;Transponders;Voltage}, 
doi={10.1109/JSSC.2008.2010991}, 
ISSN={0018-9200},}

%45
@INPROCEEDINGS{6271912, 
author={Zargham, M. and Gulak, P.G.}, 
booktitle={Circuits and Systems (ISCAS), 2012 IEEE International Symposium on}, 
title={High-efficiency CMOS rectifier for fully integrated mW wireless power transfer}, 
year={2012}, 
pages={2869-2872}, 
keywords={CMOS integrated circuits;inductive power transmission;lab-on-a-chip;prosthetic power supplies;rectifiers;CMOS full-wave rectifier architecture;frequency 40.68 MHz;fully integrated mW wireless power transfer;fully integrated power harvesting biomedical implant;high-efficiency CMOS rectifier;lab-on-chip applications;near-field inductively coupled wireless power transfer receivers;power efficiency;size 0.18 mum;voltage drop;CMOS integrated circuits;Coils;Power measurement;Receivers;Threshold voltage;Transistors;Voltage measurement}, 
doi={10.1109/ISCAS.2012.6271912}, 
ISSN={0271-4302},}

%%Optimizaiton%%

%46
@ARTICLE{4232586, 
author={Mandal, S. and Sarpeshkar, R.}, 
journal={Circuits and Systems I: Regular Papers, IEEE Transactions on}, 
title={Low-Power CMOS Rectifier Design for RFID Applications}, 
year={2007}, 
volume={54}, 
number={6}, 
pages={1177-1188}, 
keywords={CMOS analogue integrated circuits;impedance matching;integrated circuit design;low-power electronics;planar antennas;radiofrequency identification;radiofrequency integrated circuits;rectennas;rectifying circuits;CMOS analog integrated circuits;RF power-up threshold;RFID applications;coupled resonator;far-field RF power extraction system;impedance matching networks;low-power CMOS rectifier design;parasitic capacitances;planar antennas;size 0.18 mum;size 0.5 mum;Antenna theory;Bandwidth;CMOS technology;Impedance matching;Parasitic capacitance;Planar arrays;Radio frequency;Radiofrequency identification;Rectifiers;Threshold voltage;Antennas;CMOS analog integrated circuits;circuit theory;rectifiers}, 
doi={10.1109/TCSI.2007.895229}, 
ISSN={1549-8328},}

%%Realiability Issue%%

%47
@ARTICLE{1624399, 
author={Ming-Dou Ker and Shih-Lun Chen and Chia-Shen Tsai}, 
journal={Solid-State Circuits, IEEE Journal of}, 
title={Design of charge pump circuit with consideration of gate-oxide reliability in low-voltage CMOS processes}, 
year={2006}, 
volume={41}, 
number={5}, 
pages={1100-1107}, 
keywords={CMOS integrated circuits;integrated circuit design;integrated circuit reliability;low-power electronics;power electronics;0.35 micron;2 pF;3.3 V;charge pump circuit;gate-drain voltage;gate-oxide reliability;gate-source voltage;high-voltage generator;junction breakdown voltage;low-voltage CMOS;parasitic pn-junction;pumping capacitor;pumping efficiency;CMOS process;Charge measurement;Charge pumps;Charge transfer;Circuit testing;Current measurement;Power supplies;Switches;Switching circuits;Voltage;Body effect;charge pump circuit;gate-oxide reliability;high-voltage generator;low voltage}, 
doi={10.1109/JSSC.2006.872704}, 
ISSN={0018-9200},}

%48
@ARTICLE{4684620, 
author={Aoki, I. and Kee, S. and Magoon, R. and Aparicio, R. and Bohn, F. and Zachan, J. and Hatcher, G. and McClymont, D. and Hajimiri, A.}, 
journal={Solid-State Circuits, IEEE Journal of}, 
title={A Fully-Integrated Quad-Band GSM/GPRS CMOS Power Amplifier}, 
year={2008}, 
volume={43}, 
number={12}, 
pages={2747-2758}, 
keywords={CMOS integrated circuits;cellular radio;packet radio networks;power amplifiers;power control;transformers;CMOS process;GSM-GPRS CMOS power amplifier;RF power with power-added efficiency;concentric distributed active transformers;fully-integrated quad-band power amplifier;microlead-frame package;on-chip closed- loop power control;output matching networks;size 130 nm;temperature 135 degC;voltage 2.9 V to 5.5 V;voltage 6 V;CMOS process;Distributed amplifiers;GSM;Ground penetrating radar;Impedance matching;Packaging;Power amplifiers;Power control;Silicon;Transformers;CMOS RF;CMOSFET power amplifiers;distributed active transformer (DAT);global system for mobile communications (GSM);power control;reliability}, 
doi={10.1109/JSSC.2008.2004870}, 
ISSN={0018-9200},}
